<?xml version="1.0" encoding="UTF-8"?><collection xmlns="http://www.loc.gov/MARC21/slim"><record><leader>00414nam--2200169-i-4500</leader><controlfield tag="001">000043778</controlfield><controlfield tag="002">20161230</controlfield><controlfield tag="005">20161230201044</controlfield><controlfield tag="008">060222s1000------------r-----000-0-eng-d</controlfield><datafield ind1=" " ind2=" " tag="040"><subfield code="a">IFIN-HH</subfield></datafield><datafield ind1=" " ind2=" " tag="080"><subfield code="a">061.6(540)</subfield></datafield><datafield ind1="1" ind2=" " tag="110"><subfield code="a">Tata Institute</subfield></datafield><datafield ind1="1" ind2="0" tag="245"><subfield code="a">Tata institute of fundamental research</subfield></datafield><datafield ind1=" " ind2=" " tag="260"><subfield code="a">Bombay</subfield><subfield code="b">Homi Bhabha</subfield><subfield code="c">1968</subfield></datafield><datafield ind1=" " ind2=" " tag="300"><subfield code="a">27 P</subfield></datafield><datafield ind1=" " ind2=" " tag="852"><subfield code="a">44654</subfield><subfield code="c">H.H</subfield></datafield><datafield ind1=" " ind2=" " tag="CAT"><subfield code="a">Sys</subfield><subfield code="c">20130416</subfield><subfield code="h">162505</subfield></datafield></record></collection>